@book{cormen_algo_2022,
	location = {Cambridge, Massachusetts},
	edition = {Fourth edition},
	title = {Introduction to Algorithms, Fourth Edition},
	isbn = {978-0-262-04630-5},
	url = {https://research.ebsco.com/linkprocessor/plink?id=271590c0-b45c-3015-a566-548922d96a55},
	publisher = {The {MIT} Press},
	author = {Cormen, Thomas H. and Leiserson, Charles E. and Rivest, Ronald L. and Stein, Clifford},
	date = {2022},
	keywords = {Computer algorithms, Computer programming, {COMPUTERS} / Computer Science, {COMPUTERS} / Programming / Algorithms, {COMPUTERS} / Reference},
}
